<?xml version="1.0" encoding="UTF-8"?>
<record xmlns="http://www.loc.gov/MARC21/slim">
   <leader>01792cam a22003495  4500</leader>
   <controlfield tag="001">3033644</controlfield>
   <controlfield tag="003">NjP</controlfield>
   <controlfield tag="005">20171122172750.0</controlfield>
   <controlfield tag="008">000229s1946    iq            000 0 ara d</controlfield>
   <datafield tag="024" ind1="7" ind2=" ">
      <subfield code="a">princeton_aco003321</subfield>
      <subfield code="2">local</subfield>
   </datafield>
   <datafield ind1=" " ind2=" " tag="035">
      <subfield code="a">(OCoLC)ocn178593554</subfield>
   </datafield>
   <datafield ind1=" " ind2=" " tag="035">
      <subfield code="a">(OCoLC)ocm43538179</subfield>
   </datafield>
   <datafield ind1=" " ind2=" " tag="040">
      <subfield code="a">PUL</subfield>
      <subfield code="c">PUL</subfield>
      <subfield code="d">PUL</subfield>
   </datafield>
   <datafield ind1=" " ind2=" " tag="035">
      <subfield code="a">(OCoLC)178593554</subfield>
   </datafield>
   <datafield ind1=" " ind2=" " tag="035">
      <subfield code="9">CPT2601TS</subfield>
   </datafield>
   <datafield ind1=" " ind2=" " tag="035">
      <subfield code="a">(NjP)3033644</subfield>
   </datafield>
   <datafield ind1="0" ind2=" " tag="041">
      <subfield code="a">araper</subfield>
      <subfield code="h">araper</subfield>
   </datafield>
   <datafield ind1=" " ind2=" " tag="079">
      <subfield code="a">ocm43538179</subfield>
   </datafield>
   <datafield ind1=" " ind2=" " tag="049">
      <subfield code="a">PULL</subfield>
   </datafield>
   <datafield ind1="1" ind2=" " tag="100">
      <subfield code="6">880-01</subfield>
      <subfield code="a">Qummī, ʻAbbās ibn Muḥammad Riḍā,</subfield>
      <subfield code="d">-1941.</subfield>
      <subfield code="0">http://id.loc.gov/authorities/names/n80013464</subfield>
   </datafield>
   <datafield ind1="1" ind2="0" tag="240">
      <subfield code="6">880-02</subfield>
      <subfield code="a">Kullīyāt-i Mafātīḥ al-jinān.</subfield>
      <subfield code="l">Arabic &amp; Persian</subfield>
   </datafield>
   <datafield ind1="1" ind2="0" tag="245">
      <subfield code="6">880-03</subfield>
      <subfield code="a">Miftāḥ al-jinān fī al-adʻiyah wa-al-ziyārāt wa-al-adhkār.</subfield>
      <subfield code="b">Wa-qad uḍīfat ʻalā nuskhatihā al-aṣlīyah thalāth mulḥaqāt wa-bāshara taṣḥīḥahā jamāʻah min al-afāḍil.</subfield>
   </datafield>
   <datafield ind1=" " ind2=" " tag="260">
      <subfield code="6">880-04</subfield>
      <subfield code="a">Kāẓimīyah,</subfield>
      <subfield code="b">Dār al-Kutub al-ʻIrāqīyah,</subfield>
      <subfield code="c">1366 [1946 or 7]</subfield>
   </datafield>
   <datafield ind1=" " ind2=" " tag="300">
      <subfield code="a">464, 40, 32 p.</subfield>
      <subfield code="c">22 cm.</subfield>
   </datafield>
   <datafield ind1=" " ind2=" " tag="500">
      <subfield code="a">Collection of prayers originally published in Persian; individual prayers originally in Arabic.</subfield>
   </datafield>
   <datafield ind1=" " ind2=" " tag="546">
      <subfield code="a">In Arabic and Persian.</subfield>
   </datafield>
   <datafield ind1=" " ind2="0" tag="650">
      <subfield code="a">Islam</subfield>
      <subfield code="v">Prayers and devotions.</subfield>
      <subfield code="0">http://id.loc.gov/authorities/subjects/sh85068403</subfield>
   </datafield>
   <datafield ind1="1" ind2=" " tag="880">
      <subfield code="6">100-01/r</subfield>
      <subfield code="a">قمي، عباس بن محمد رضا،</subfield>
      <subfield code="d">-1941.</subfield>
   </datafield>
   <datafield ind1="1" ind2="0" tag="880">
      <subfield code="6">240-02/r</subfield>
      <subfield code="a">كلياتا مفاتيح الجنان.</subfield>
      <subfield code="l">Arabic &amp; Persian</subfield>
   </datafield>
   <datafield ind1="1" ind2="0" tag="880">
      <subfield code="6">245-03/r</subfield>
      <subfield code="a">مفتاح الجنان في الادعية والزيارات والاذكار.</subfield>
      <subfield code="b">وقد اضيفة علا نسختها الاصلية ثلاث ملحقات وباشر تصحيحها جماعة من الافاضل.</subfield>
   </datafield>
   <datafield ind1=" " ind2=" " tag="880">
      <subfield code="6">260-04/r</subfield>
      <subfield code="a">كاظمية،</subfield>
      <subfield code="b">دار الكتب العراقية،</subfield>
      <subfield code="c">1366 [1946 or 7]</subfield>
   </datafield>
   <datafield ind1=" " ind2=" " tag="911">
      <subfield code="a">20000603</subfield>
   </datafield>
   <datafield ind1=" " ind2=" " tag="994">
      <subfield code="a">C0</subfield>
      <subfield code="b">PUL</subfield>
   </datafield>
   <datafield ind1=" " ind2=" " tag="999">
      <subfield code="a">3033644</subfield>
   </datafield>
   <datafield ind1="0" ind2="0" tag="852">
      <subfield code="0">3350141</subfield>
      <subfield code="b">rcppa</subfield>
      <subfield code="t">1</subfield>
      <subfield code="h">BP183.3</subfield>
      <subfield code="i">.Q56512 1946</subfield>
      <subfield code="x">tr fr nec</subfield>
   </datafield>
   <datafield ind1=" " ind2=" " tag="959">
      <subfield code="a">2009-08-31 12:19:56 -0400</subfield>
   </datafield>
</record>
